@comment{ Collection of paper used during the project }

@article{centola2010spread,
  author = {Centola, D.},
  interhash = {44e5d9b231d5017c1e81deb1532a34cf},
  intrahash = {e5e21b26153f8edb79b2fd996ab9fca9},
  journal = {science},
  number = 5996,
  pages = 1194,
  publisher = {AAAS},
  title = {{The Spread of Behavior in an Online Social Network Experiment}},
  url = {http://dcentola.scripts.mit.edu/docs/Centola%20Spread%20of%20Behavior.pdf},
  volume = 329,
  year = 2010,
  timestamp = {2010-11-10T10:20:34.000+0100},
  keywords = {MUSTREAD behavior networks social},
  added-at = {2010-11-10T10:20:34.000+0100},
  biburl = {http://www.bibsonomy.org/bibtex/2e5e21b26153f8edb79b2fd996ab9fca9/mstrohm}
}

@article{watts98,
  author = {Watts, D. J. and Strogatz, S. H.},
  interhash = {02e54cb4f5d01567f9d4d2bfd5ca6587},
  intrahash = {1d7bf2336410c57f0a35ff0df36eab75},
  journal = {Nature},
  pages = {440--442},
  title = {{Collective dynamics of `small-world' networks}},
  volume = 393,
  year = 1998,
  timestamp = {2009-11-02T00:43:54.000+0100},
  keywords = {WikipediaSNA clustering_coefficient dynamics smallworld sna},
  added-at = {2009-11-02T00:43:54.000+0100},
  adsnote = {Provided by the SAO/NASA Astrophysics Data System},
  adsurl = {http://adsabs.harvard.edu/abs/1998Natur.393..440W},
  biburl = {http://www.bibsonomy.org/bibtex/21d7bf2336410c57f0a35ff0df36eab75/davids},
  doi = {10.1038/30918},
  month = {June}
}



@article{li06,
    author = {Li, Jianyu and Lv, Rui and Yang, Zhanxin and Yang, Shuzhong and
                  Mo, Hongwei and Huang, Xianglin},
    doi = {10.1007/11758501\_157},
    journal = {Computational Science â€“ ICCS 2006},
    pages = {997--1000},
    title = {{Construction of Small World Networks Based on K-Means Clustering Analysis}},
    url = {http://dx.doi.org/10.1007/11758501\_157},
    year = {2006}
}

@article{Kuperman2001,
  author = {Kuperman, Marcelo and Abramson, Guillermo},
  interhash = {240f7d6905e2e11ed38d1a163faddb0c},
  intrahash = {8fa21895cf839da84a988bdd586d1f39},
  journal = {Phys. Rev. Lett.},
  number = 13,
  pages = {2909--2912},
  publisher = {American Physical Society},
  title = {Small World Effect in an Epidemiological Model},
  volume = 86,
  year = 2001,
  timestamp = {2011-01-13T13:26:06.000+0100},
  keywords = {networks epidemics},
  added-at = {2011-01-13T13:26:06.000+0100},
  description = {Phys. Rev. Lett. 86, 2909 (2001): Small World Effect in an Epidemiological Model},
  file = {Kuperman2001 - Small World Effect in an Epidemiological Model.pdf:Contact Processes/Kuperman2001 - Small World Effect in an Epidemiological Model.pdf:PDF},
  biburl = {http://www.bibsonomy.org/bibtex/28fa21895cf839da84a988bdd586d1f39/rincedd},
  doi = {10.1103/PhysRevLett.86.2909},
  abstract = {A model for the spread of an infection is analyzed for different population structures. The interactions within the population are described by small world networks, ranging from ordered lattices to random graphs. For the more ordered systems, there is a fluctuating endemic state of low infection. At a finite value of the disorder of the network, we find a transition to self-sustained oscillations in the size of the infected subpopulation.}
}

@book{Newman2010,
  author = {Newman, Mark E. J.},
  interhash = {f76c00ea14de2458944b349efe9fc7ea},
  intrahash = {b7ee8fa7fcf9559d28f82d7111b0207d},
  publisher = {Oxford University Press},
  title = {Networks: An Introduction},
  year = 2010,
  timestamp = {2011-04-28T14:20:59.000+0200},
  username = {rincedd},
  keywords = {networks graphs scale-free generating-functions algorithm data-structures},
  added-at = {2011-04-28T14:20:59.000+0200},
  isbn = {978-0-19-920665-0},
  biburl = {http://www.bibsonomy.org/bibtex/2b7ee8fa7fcf9559d28f82d7111b0207d/rincedd},
  groups = {public}
}



@article{Nekovee2007457,
title = "Theory of rumour spreading in complex social networks",
journal = "Physica A: Statistical Mechanics and its Applications",
volume = "374",
number = "1",
pages = "457 - 470",
year = "2007",
note = "",
issn = "0378-4371",
doi = "10.1016/j.physa.2006.07.017",
url = "http://www.sciencedirect.com/science/article/pii/S0378437106008090",
author = "M. Nekovee and Y. Moreno and G. Bianconi and M. Marsili",
keywords = "Structure and dynamics of complex social networks",
keywords = "Rumour models",
keywords = "Critical phenomena"
}

@Misc{timeLineArabSpring,
  OPTkey =       {},
  author =    {UCDP},
  title =     {Timeline Arab Spring},
  OPThowpublished = {},
  month =     {November},
  year =      {2011},
  note =      {conflictdatabase@pcr.uu.se},
  OPTannote =    {}
}

@Unpublished{BruggerSchwirzer2011,
author = {Stefan Brugger and Cristoph Schwirzer},
year = {2011},
title = {Opinion formation by "employed agents" in social networks},
note = {Project work done in the course Lecture with Computer Exercises:
Modelling and Simulating Social Systems with MATLAB, May 2011}
}
